<record><leader>00000cas a2200000 a 4500</leader><controlfield tag="001">12649724</controlfield><controlfield tag="008">851009d18791881ksuwr ne      0    0eng d</controlfield><datafield ind1=" " ind2=" " tag="010"><subfield code="a">sn 85066694 </subfield></datafield><datafield ind1=" " ind2=" " tag="040"><subfield code="a">KSH</subfield><subfield code="b">eng</subfield><subfield code="c">KSH</subfield><subfield code="d">NPT</subfield><subfield code="d">OCL</subfield><subfield code="d">OCLCQ</subfield></datafield><datafield ind1=" " ind2=" " tag="042"><subfield code="a">msc</subfield></datafield><datafield ind1="0" ind2=" " tag="130"><subfield code="a">Stafford County herald (Stafford, Kan. : 1879)</subfield></datafield><datafield ind1="1" ind2="0" tag="245"><subfield code="a">Stafford County herald.</subfield></datafield><datafield ind1=" " ind2=" " tag="260"><subfield code="a">Stafford, Kan. :</subfield><subfield code="b">Joel Reece,</subfield><subfield code="c">1879-1881.</subfield></datafield><datafield ind1=" " ind2=" " tag="300"><subfield code="a">3 v. ;</subfield><subfield code="c">59 cm.</subfield></datafield><datafield ind1=" " ind2=" " tag="310"><subfield code="a">Weekly</subfield></datafield><datafield ind1="0" ind2=" " tag="362"><subfield code="a">Vol. 1, no. 1 (June 14, 1879)-v. 3, no. 1 (June 16, 1881).</subfield></datafield><datafield ind1=" " ind2=" " tag="500"><subfield code="a">Published by: Herald Pub. Co., Jan. 8-Apr. 1, 1880; Joel Reece, Apr. 8, 1880-June 16, 1881.</subfield></datafield><datafield ind1=" " ind2=" " tag="752"><subfield code="a">United States</subfield><subfield code="b">Kansas</subfield><subfield code="c">Stafford</subfield><subfield code="d">Stafford.</subfield></datafield><datafield ind1="0" ind2="0" tag="785"><subfield code="t">Stafford herald</subfield><subfield code="w">(DLC)sn 85066699</subfield></datafield><datafield ind1="1" ind2=" " tag="029"><subfield code="a">AU@</subfield><subfield code="b">000022169984</subfield></datafield></record>